<?xml version="1.0" encoding="UTF-8"?><record xmlns="http://www.loc.gov/MARC21/slim" xmlns:cinclude="http://apache.org/cocoon/include/1.0" xmlns:zs="http://www.loc.gov/zing/srw/">
  <leader>00859nz  a2200181n  4500</leader>
  <controlfield tag="001">no2007026135</controlfield>
  <controlfield tag="003">DLC</controlfield>
  <controlfield tag="005">20070310075245.0</controlfield>
  <controlfield tag="008">070307n| acannaabn          |a ana     c</controlfield>
  <datafield tag="010" ind1=" " ind2=" ">
    <subfield code="a">no2007026135</subfield>
  </datafield>
  <datafield tag="035" ind1=" " ind2=" ">
    <subfield code="a">(OCoLC)oca07349086</subfield>
  </datafield>
  <datafield tag="040" ind1=" " ind2=" ">
    <subfield code="a">TxU</subfield>
    <subfield code="b">eng</subfield>
    <subfield code="c">TxU</subfield>
  </datafield>
  <datafield tag="110" ind1="2" ind2=" ">
    <subfield code="a">Seminario de Medellín (Colombia)</subfield>
  </datafield>
  <datafield tag="410" ind1="2" ind2=" ">
    <subfield code="a">Seminario Conciliar (Medellín, Colombia)</subfield>
  </datafield>
  <datafield tag="410" ind1="2" ind2=" ">
    <subfield code="a">Seminarium Conciliare Medellense (Colombia)</subfield>
  </datafield>
  <datafield tag="410" ind1="2" ind2=" ">
    <subfield code="a">Seminario Conciliar de Medellín (Colombia)</subfield>
  </datafield>
  <datafield tag="670" ind1=" " ind2=" ">
    <subfield code="a">Seminario de Medellín (Medellín, Colombia : 1947), jul.-sept. de 1947:</subfield>
    <subfield code="b">t.p. (Seminario de Medellín) p. 197 (Seminario Conciliar; Medellín, Colombia)</subfield>
  </datafield>
  <datafield tag="670" ind1=" " ind2=" ">
    <subfield code="a">Seminarium conciliare Medellense, no. 2 (1960): t.p. (Seminarium Conciliare Medellense; Seminario de Medellín); no. 19 (1966): t.p. (Seminario Conciliar de Medellín; Seminario de Medellín)</subfield>
  </datafield>
</record>